%% This BibTeX bibliography file was created using BibDesk.
%% http://bibdesk.sourceforge.net/


%% Created for Ren√© Schwaiger at 2013-05-30 18:46:33 +0200 


%% Saved with string encoding Unicode (UTF-8) 



@electronic{Juggl3r_Beispiel3,
	Author = {Juggl3r},
	Date-Added = {2011-06-09 18:53:19 +0200},
	Date-Modified = {2013-05-30 16:46:33 +0000},
	Keywords = {DFS},
	Lastchecked = {2011-06-09},
	Month = {6},
	Title = {Laufzeit des Algorithmus von Beispiel 3 --- Test vom 14.01.2011},
	Url = {http://www.informatik-forum.at/showthread.php?85164-After-Test-14.01.2011&p=693282&viewfull=1#post693282},
	Year = {2011},
	Bdsk-Url-1 = {http://www.informatik-forum.at/showthread.php?85164-After-Test-14.01.2011&p=693282&viewfull=1#post693282}}
